@book{dumas2013,
  title={Fundamentals of business process management},
  author={Dumas, Marlon and La Rosa, Marcello and Mendling, Jan and Reijers, Hajo A and others},
  volume={1},
  year={2013},
  publisher={Springer}
}

@Misc{ABN,
author = {ABN Amro.},
title = {Dutch Credit Registration Office. },
howpublished = {\url{https://www.abnamro.nl/en/personal/loans/bkr.html}},
month = {December},
year = {2017},
OPTnote = {•},
OPTannote = {•},
}
